@incollection{smart2010fully,
  title={Fully homomorphic encryption with relatively small key and ciphertext sizes},
  author={Smart, Nigel P and Vercauteren, Frederik},
  booktitle={Public Key Cryptography--PKC 2010},
  pages={420--443},
  year={2010},
  publisher={Springer}
}
@phdthesis{gentry2009fully,
  title={A fully homomorphic encryption scheme},
  author={Gentry, Craig},
  year={2009},
  school={Stanford University}
}
@inproceedings{perl2011poster,
  title={Poster: an implementation of the fully homomorphic smart-vercauteren crypto-system},
  author={Perl, Henning and Brenner, Michael and Smith, Matthew},
  booktitle={Proceedings of the 18th ACM conference on Computer and communications security},
  pages={837--840},
  year={2011},
  organization={ACM}
}